{
  "chicken": [
    {
      "id": "115736190",
      "name": "(VDI) Morrisons The Best Marry Me Chicken 450g",
      "price": "£7.00",
      "pricePerUnit": "450g\n(£15.56 per kilo)",
      "url": "https://groceries.morrisons.com/products/vdi-morrisons-the-best-marry-me-chicken-450g/115736190"
    },
    {
      "id": "115687471",
      "name": "(VDI) Morrisons The Best Chicken With Peppercorn Butter & Cheddar 473g",
      "price": "£7.00",
      "pricePerUnit": "473g\n(£14.80 per kilo)",
      "url": "https://groceries.morrisons.com/products/vdi-morrisons-the-best-chicken-with-peppercorn-butter-cheddar-473g/115687471"
    },
    {
      "id": "109139971",
      "name": "Morrisons Roast In The Bag Extra Tasty Whole Chicken 1.6kg",
      "price": "£6.80",
      "pricePerUnit": "1.6kg\n(£4.25 per kilo)",
      "url": "https://groceries.morrisons.com/products/morrisons-roast-in-the-bag-extra-tasty-whole-chicken-1-6kg/109139971"
    },
    {
      "id": "108947634",
      "name": "Morrisons The Best Corn Fed Free Range Whole Chicken",
      "price": "£10.16",
      "pricePerUnit": "1.575kg\ntypically\n(£6.45 per kilo)",
      "url": "https://groceries.morrisons.com/products/morrisons-the-best-corn-fed-free-range-whole-chicken/108947634"
    },
    {
      "id": "108444711",
      "name": "Morrisons British Chicken Breast Fillets 1kg",
      "price": "£6.90",
      "pricePerUnit": "1kg\n(£6.90 per kilo)",
      "url": "https://groceries.morrisons.com/products/morrisons-british-chicken-breast-fillets-1kg/108444711"
    },
    {
      "id": "107951404",
      "name": "Morrisons Market Street Extra Large Whole Chicken 2.15kg",
      "price": "£7.30",
      "pricePerUnit": "2.15kg\n(£3.40 per kilo)",
      "url": "https://groceries.morrisons.com/products/morrisons-market-street-extra-large-whole-chicken-2-15kg/107951404"
    },
    {
      "id": "106793580",
      "name": "Morrisons Market Street British Boneless Chicken Thigh Fillets 600g",
      "price": "£5.50",
      "pricePerUnit": "600g\n(£9.17 per kilo)",
      "url": "https://groceries.morrisons.com/products/morrisons-market-street-british-boneless-chicken-thigh-fillets-600g/106793580"
    },
    {
      "id": "113028405",
      "name": "Morrisons British Chicken Mini Fillets 450g",
      "price": "£4.50",
      "pricePerUnit": "450g\n(£10.00 per kilo)",
      "url": "https://groceries.morrisons.com/products/morrisons-british-chicken-mini-fillets-450g/113028405"
    },
    {
      "id": "113689684",
      "name": "Morrisons Market Street British Chicken Drumstick Fillets 600g",
      "price": "£2.95",
      "pricePerUnit": "600g\n(£4.92 per kilo)",
      "url": "https://groceries.morrisons.com/products/morrisons-market-street-british-chicken-drumstick-fillets-600g/113689684"
    },
    {
      "id": "115056426",
      "name": "Morrisons Diced Chicken Breast Stir Fry 350g",
      "price": "£3.50",
      "pricePerUnit": "350g\n(£10.00 per kilo)",
      "url": "https://groceries.morrisons.com/products/morrisons-diced-chicken-breast-stir-fry-350g/115056426"
    },
    {
      "id": "112125537",
      "name": "Morrisons British Chicken Diced Breast Fillets 400g",
      "price": "£3.84",
      "pricePerUnit": "400g\n(£9.60 per kilo)",
      "url": "https://groceries.morrisons.com/products/morrisons-british-chicken-diced-breast-fillets-400g/112125537"
    },
    {
      "id": "110970892",
      "name": "Morrisons British Chicken Breast Fillets 2KG",
      "price": "£12.50",
      "pricePerUnit": "2kg\n(£6.25 per kilo)",
      "url": "https://groceries.morrisons.com/products/morrisons-british-chicken-breast-fillets-2kg/110970892"
    }
  ],
  "beef": [
    {
      "id": "115721465",
      "name": "(VDI) Morrisons The Best 2 Shorthorn Beef Encroute & Mushroom Red Wine 455g",
      "price": "£10.00",
      "pricePerUnit": "455g\n(£21.98 per kilo)",
      "url": "https://groceries.morrisons.com/products/vdi-morrisons-the-best-2-shorthorn-beef-encroute-mushroom-red-wine-455g/115721465"
    },
    {
      "id": "115164208",
      "name": "Morrisons Beef Brisket Joint Medium",
      "price": "£14.00",
      "pricePerUnit": "1kg\ntypically\n(£14.00 per kilo)",
      "url": "https://groceries.morrisons.com/products/morrisons-beef-brisket-joint-medium/115164208"
    },
    {
      "id": "113920831",
      "name": "Market Street Beef Topside Joint",
      "price": "£13.60",
      "pricePerUnit": "0.8kg\ntypically\n(£17.00 per kilo)",
      "url": "https://groceries.morrisons.com/products/market-street-beef-topside-joint/113920831"
    },
    {
      "id": "102793363",
      "name": "Market Street British Prime Silverside Joint",
      "price": "£11.25",
      "pricePerUnit": "0.9kg\ntypically\n(£12.50 per kilo)",
      "url": "https://groceries.morrisons.com/products/market-street-british-prime-silverside-joint/102793363"
    },
    {
      "id": "112378981",
      "name": "Morrisons The Butcher's on Market Street British Beef Short Ribs",
      "price": "£7.20",
      "pricePerUnit": "0.6kg\ntypically\n(£12.00 per kilo)",
      "url": "https://groceries.morrisons.com/products/morrisons-the-butcher-s-on-market-street-british-beef-short-ribs/112378981"
    },
    {
      "id": "114016810",
      "name": "Market Street Medium Beef Topside Joint",
      "price": "£22.10",
      "pricePerUnit": "1.3kg\ntypically\n(£17.00 per kilo)",
      "url": "https://groceries.morrisons.com/products/market-street-medium-beef-topside-joint/114016810"
    },
    {
      "id": "113716611",
      "name": "Morrisons British Beef Stir Fry 250g",
      "price": "£4.50",
      "pricePerUnit": "250g\n(£18.00 per kilo)",
      "url": "https://groceries.morrisons.com/products/morrisons-british-beef-stir-fry-250g/113716611"
    },
    {
      "id": "115693468",
      "name": "Morrisons British Lean Diced Beef",
      "price": "£3.50",
      "pricePerUnit": "250g\n(£14.00 per kilo)",
      "url": "https://groceries.morrisons.com/products/morrisons-british-lean-diced-beef/115693468"
    },
    {
      "id": "115693492",
      "name": "Morrisons Scottish Lean Diced Beef",
      "price": "£3.50",
      "pricePerUnit": "250g\n(£14.00 per kilo)",
      "url": "https://groceries.morrisons.com/products/morrisons-scottish-lean-diced-beef/115693492"
    },
    {
      "id": "110768483",
      "name": "Morrisons British Diced Beef 430g",
      "price": "£5.50",
      "pricePerUnit": "430g\n(£12.79 per kilo)",
      "url": "https://groceries.morrisons.com/products/morrisons-british-diced-beef-430g/110768483"
    },
    {
      "id": "109648169",
      "name": "Morrisons The Butcher's On Market Street British Diced Beef 750g",
      "price": "£9.50",
      "pricePerUnit": "750g\n(£12.67 per kilo)",
      "url": "https://groceries.morrisons.com/products/morrisons-the-butcher-s-on-market-street-british-diced-beef-750g/109648169"
    },
    {
      "id": "112067322",
      "name": "Morrisons British Beef Shin 500g",
      "price": "£6.50",
      "pricePerUnit": "500g\n(£13.00 per kilo)",
      "url": "https://groceries.morrisons.com/products/morrisons-british-beef-shin-500g/112067322"
    }
  ],
  "salmon": [
    {
      "id": "115762021",
      "name": "(VDI) Morrisons The Best 2 Salmon En Croute 472g",
      "price": "£9.00",
      "pricePerUnit": "472g\n(£19.07 per kilo)",
      "url": "https://groceries.morrisons.com/products/vdi-morrisons-the-best-2-salmon-en-croute-472g/115762021"
    },
    {
      "id": "111555316",
      "name": "Morrisons The Best 2 Scottish Salmon Fillets 220g",
      "price": "£5.75",
      "pricePerUnit": "220g\n(£26.14 per kilo)",
      "url": "https://groceries.morrisons.com/products/morrisons-the-best-2-scottish-salmon-fillets-220g/111555316"
    },
    {
      "id": "111595107",
      "name": "Morrisons 2 Salmon Fillets 220g",
      "price": "£4.50",
      "pricePerUnit": "220g\n(£20.45 per kilo)",
      "url": "https://groceries.morrisons.com/products/morrisons-2-salmon-fillets-220g/111595107"
    },
    {
      "id": "113711731",
      "name": "Morrisons The Best Scottish Mild Smoked Salmon",
      "price": "£4.00",
      "pricePerUnit": "100g\n(£4.00 per 100g)",
      "url": "https://groceries.morrisons.com/products/morrisons-the-best-scottish-mild-smoked-salmon/113711731"
    },
    {
      "id": "115342748",
      "name": "Morrisons Market Street 4 Boneless Salmon Fillets 440g",
      "price": "£8.00",
      "pricePerUnit": "440g\n(£18.18 per kilo)",
      "url": "https://groceries.morrisons.com/products/morrisons-market-street-4-boneless-salmon-fillets-440g/115342748"
    },
    {
      "id": "111264607",
      "name": "Morrisons Hot Smoked Sweet Chilli Salmon Fillet 2 Pack",
      "price": "£5.75",
      "pricePerUnit": "180g\n(£3.19 per 100g)",
      "url": "https://groceries.morrisons.com/products/morrisons-hot-smoked-sweet-chilli-salmon-fillet-2-pack/111264607"
    },
    {
      "id": "114999326",
      "name": "Morrisons 3 Skin on & Boneless Wild Pink Salmon Fillets 330g",
      "price": "£5.00",
      "pricePerUnit": "330g\n(£15.15 per kilo)",
      "url": "https://groceries.morrisons.com/products/morrisons-3-skin-on-boneless-wild-pink-salmon-fillets-330g/114999326"
    },
    {
      "id": "113496647",
      "name": "Morrisons Boneless 2 Atlantic Salmon Fillets",
      "price": "£4.95",
      "pricePerUnit": "220g\n(£22.50 per kilo)",
      "url": "https://groceries.morrisons.com/products/morrisons-boneless-2-atlantic-salmon-fillets/113496647"
    },
    {
      "id": "111555341",
      "name": "Morrisons The Best Lightly Smoked Scottish Salmon",
      "price": "£6.50",
      "pricePerUnit": "240g\n(£27.08 per kilo)",
      "url": "https://groceries.morrisons.com/products/morrisons-the-best-lightly-smoked-scottish-salmon/111555341"
    },
    {
      "id": "114822045",
      "name": "Morrisons 2 Steamed Salmon Fillets With Lemon & Herb 180g",
      "price": "£5.90",
      "pricePerUnit": "180g\n(£3.28 per 100g)",
      "url": "https://groceries.morrisons.com/products/morrisons-2-steamed-salmon-fillets-with-lemon-herb-180g/114822045"
    },
    {
      "id": "113326824",
      "name": "Morrisons Salmon Fillet",
      "price": "£2.25",
      "pricePerUnit": "110g\n(£2.05 per 100g)",
      "url": "https://groceries.morrisons.com/products/morrisons-salmon-fillet/113326824"
    },
    {
      "id": "114755276",
      "name": "Morrisons 2 Teriyaki Salmon Fillets 270g",
      "price": "£5.50",
      "pricePerUnit": "280g\n(£19.64 per kilo)",
      "url": "https://groceries.morrisons.com/products/morrisons-2-teriyaki-salmon-fillets-270g/114755276"
    }
  ],
  "bread": [
    {
      "id": "102369829",
      "name": "Hovis Soft White Medium Bread 800g",
      "price": "£1.39",
      "pricePerUnit": "800g\n(£0.17 per 100g)",
      "url": "https://groceries.morrisons.com/products/hovis-soft-white-medium-bread-800g/102369829"
    },
    {
      "id": "102369773",
      "name": "Morrisons White Medium Sliced Bread 800g",
      "price": "£0.74",
      "pricePerUnit": "800g\n(£0.09 per 100g)",
      "url": "https://groceries.morrisons.com/products/morrisons-white-medium-sliced-bread-800g/102369773"
    },
    {
      "id": "108349431",
      "name": "Hovis Farmhouse Soft White Bread",
      "price": "£1.00",
      "pricePerUnit": "800g\n(£0.13 per 100g)",
      "url": "https://groceries.morrisons.com/products/hovis-farmhouse-soft-white-bread/108349431"
    },
    {
      "id": "102369685",
      "name": "Warburtons White Toastie Bread 800g",
      "price": "£1.40",
      "pricePerUnit": "800g\n(£0.18 per 100g)",
      "url": "https://groceries.morrisons.com/products/warburtons-white-toastie-bread-800g/102369685"
    },
    {
      "id": "110993728",
      "name": "Morrisons Thick Sliced Tiger Bloomer 800g",
      "price": "£1.80",
      "pricePerUnit": "800g\n(£0.23 per 100g)",
      "url": "https://groceries.morrisons.com/products/morrisons-thick-sliced-tiger-bloomer-800g/110993728"
    },
    {
      "id": "102369837",
      "name": "Hovis Soft White Thick Bread 800g",
      "price": "£1.39",
      "pricePerUnit": "800g\n(£0.17 per 100g)",
      "url": "https://groceries.morrisons.com/products/hovis-soft-white-thick-bread-800g/102369837"
    },
    {
      "id": "102369722",
      "name": "Morrisons Toastie Thick Sliced White Bread 800g",
      "price": "£0.75",
      "pricePerUnit": "800g\n(£0.09 per 100g)",
      "url": "https://groceries.morrisons.com/products/morrisons-toastie-thick-sliced-white-bread-800g/102369722"
    },
    {
      "id": "102369669",
      "name": "Warburtons Medium White Bread 800g",
      "price": "£1.40",
      "pricePerUnit": "800g\n(£0.18 per 100g)",
      "url": "https://groceries.morrisons.com/products/warburtons-medium-white-bread-800g/102369669"
    },
    {
      "id": "102370467",
      "name": "Warburtons White Toastie Bread",
      "price": "£0.99",
      "pricePerUnit": "400g\n(£0.25 per 100g)",
      "url": "https://groceries.morrisons.com/products/warburtons-white-toastie-bread/102370467"
    },
    {
      "id": "102369731",
      "name": "Morrisons Super Toastie White Bread",
      "price": "£0.75",
      "pricePerUnit": "800g\n(£0.09 per 100g)",
      "url": "https://groceries.morrisons.com/products/morrisons-super-toastie-white-bread/102369731"
    },
    {
      "id": "115011130",
      "name": "Warburtons Farmhouse Soft White Thick 800g",
      "price": "£1.35",
      "pricePerUnit": "800g\n(£0.17 per 100g)",
      "url": "https://groceries.morrisons.com/products/warburtons-farmhouse-soft-white-thick-800g/115011130"
    },
    {
      "id": "102370475",
      "name": "Warburtons Milk Roll Bread",
      "price": "£1.35",
      "pricePerUnit": "400g\n(£0.34 per 100g)",
      "url": "https://groceries.morrisons.com/products/warburtons-milk-roll-bread/102370475"
    }
  ],
  "milk": [
    {
      "id": "113240422",
      "name": "Morrisons British Semi Skimmed Milk 4 Pint",
      "price": "£1.65",
      "pricePerUnit": "2.272L\n(£0.73 per litre)",
      "url": "https://groceries.morrisons.com/products/morrisons-british-semi-skimmed-milk-4-pint/113240422"
    },
    {
      "id": "103084876",
      "name": "Cravendale Filtered Fresh Semi Skimmed Milk Fresher for Longer 2L",
      "price": "£2.50",
      "pricePerUnit": "2L\n(£1.25 per litre)",
      "url": "https://groceries.morrisons.com/products/cravendale-filtered-fresh-semi-skimmed-milk-fresher-for-longer-2l/103084876"
    },
    {
      "id": "103112099",
      "name": "Morrisons Semi Skimmed British Milk 4 Pints",
      "price": "£1.65",
      "pricePerUnit": "2.27L\n(£0.73 per litre)",
      "url": "https://groceries.morrisons.com/products/morrisons-semi-skimmed-british-milk-4-pints/103112099"
    },
    {
      "id": "103039311",
      "name": "Morrisons Less Than 2% Fat Semi Skimmed Long Life Milk 6 x 1L",
      "price": "£6.15",
      "pricePerUnit": "6 x 1L\n(£1.03 per litre)",
      "url": "https://groceries.morrisons.com/products/morrisons-less-than-2-fat-semi-skimmed-long-life-milk-6-x-1l/103039311"
    },
    {
      "id": "103039397",
      "name": "Morrisons Long Life British Skimmed Milk",
      "price": "£6.15",
      "pricePerUnit": "6 x 1L\n(£1.03 per litre)",
      "url": "https://groceries.morrisons.com/products/morrisons-long-life-british-skimmed-milk/103039397"
    },
    {
      "id": "103050730",
      "name": "Cravendale Filtered Fresh Whole Milk Fresher for Longer 2L",
      "price": "£2.50",
      "pricePerUnit": "2L\n(£1.25 per litre)",
      "url": "https://groceries.morrisons.com/products/cravendale-filtered-fresh-whole-milk-fresher-for-longer-2l/103050730"
    },
    {
      "id": "103103141",
      "name": "Morrisons Whole British Milk 4 Pints",
      "price": "£1.65",
      "pricePerUnit": "2.272L\n(£0.73 per litre)",
      "url": "https://groceries.morrisons.com/products/morrisons-whole-british-milk-4-pints/103103141"
    },
    {
      "id": "113239405",
      "name": "Morrisons British Whole Milk 4 Pint",
      "price": "£1.65",
      "pricePerUnit": "2.272L\n(£0.73 per litre)",
      "url": "https://groceries.morrisons.com/products/morrisons-british-whole-milk-4-pint/113239405"
    },
    {
      "id": "103143451",
      "name": "Morrisons British Whole Milk 2 Pint",
      "price": "£1.20",
      "pricePerUnit": "1.136L\n(£1.06 per litre)",
      "url": "https://groceries.morrisons.com/products/morrisons-british-whole-milk-2-pint/103143451"
    },
    {
      "id": "113239430",
      "name": "Morrisons British Whole Milk 6 Pint",
      "price": "£2.40",
      "pricePerUnit": "3.408L\n(£0.70 per litre)",
      "url": "https://groceries.morrisons.com/products/morrisons-british-whole-milk-6-pint/113239430"
    },
    {
      "id": "107437157",
      "name": "Arla Big Milk Fresh Whole Milk 2L Vitamin Enriched for kids 1+",
      "price": "£2.50",
      "pricePerUnit": "2L\n(£1.25 per litre)",
      "url": "https://groceries.morrisons.com/products/arla-big-milk-fresh-whole-milk-2l-vitamin-enriched-for-kids-1/107437157"
    },
    {
      "id": "103042852",
      "name": "Morrisons British Whole Milk 6 Pints",
      "price": "£2.40",
      "pricePerUnit": "3.408L\n(£0.70 per litre)",
      "url": "https://groceries.morrisons.com/products/morrisons-british-whole-milk-6-pints/103042852"
    }
  ],
  "eggs": [
    {
      "id": "105830001",
      "name": "Morrisons Large Free Range Eggs 12 Pack",
      "price": "£3.25",
      "pricePerUnit": "12 per pack\n(£0.27 per item)",
      "url": "https://groceries.morrisons.com/products/morrisons-large-free-range-eggs-12-pack/105830001"
    },
    {
      "id": "110250449",
      "name": "Morrisons Medium Free Range Eggs 12 Pack",
      "price": "£2.80",
      "pricePerUnit": "12 per pack\n(£0.23 per item)",
      "url": "https://groceries.morrisons.com/products/morrisons-medium-free-range-eggs-12-pack/110250449"
    },
    {
      "id": "105828461",
      "name": "Morrisons Large Free Range Eggs 6 Pack",
      "price": "£2.00",
      "pricePerUnit": "6 per pack\n(£0.33 per item)",
      "url": "https://groceries.morrisons.com/products/morrisons-large-free-range-eggs-6-pack/105828461"
    },
    {
      "id": "105828736",
      "name": "Morrisons Medium Free Range Eggs 6 Pack",
      "price": "£1.75",
      "pricePerUnit": "6 per pack\n(£0.29 per item)",
      "url": "https://groceries.morrisons.com/products/morrisons-medium-free-range-eggs-6-pack/105828736"
    },
    {
      "id": "111855108",
      "name": "Morrisons The Best 6 White Golden Yolk Free Range Eggs",
      "price": "£2.90",
      "pricePerUnit": "6 per pack\n(£0.48 per item)",
      "url": "https://groceries.morrisons.com/products/morrisons-the-best-6-white-golden-yolk-free-range-eggs/111855108"
    },
    {
      "id": "103035556",
      "name": "Happy Egg Co. 6 Large Free Range Eggs",
      "price": "£2.55",
      "pricePerUnit": "6 per pack\n(£0.43 per item)",
      "url": "https://groceries.morrisons.com/products/happy-egg-co-6-large-free-range-eggs/103035556"
    },
    {
      "id": "105828787",
      "name": "Morrisons Very Large Free Range Eggs 6 Pack",
      "price": "£2.35",
      "pricePerUnit": "6 per pack\n(£0.39 per item)",
      "url": "https://groceries.morrisons.com/products/morrisons-very-large-free-range-eggs-6-pack/105828787"
    },
    {
      "id": "114898091",
      "name": "Happy Egg Company 10 Large Free Range Eggs",
      "price": "£3.85",
      "pricePerUnit": "10 per pack\n(£0.39 per item)",
      "url": "https://groceries.morrisons.com/products/happy-egg-company-10-large-free-range-eggs/114898091"
    },
    {
      "id": "115470926",
      "name": "Kingsley Eggs 10 Large Brown Free Range Eggs",
      "price": "£4.00",
      "pricePerUnit": "(£4.00 per item)",
      "url": "https://groceries.morrisons.com/products/kingsley-eggs-10-large-brown-free-range-eggs/115470926"
    },
    {
      "id": "113736882",
      "name": "St Ewe 6 Large Eggs",
      "price": "£2.95",
      "pricePerUnit": "(£2.95 per item)",
      "url": "https://groceries.morrisons.com/products/st-ewe-6-large-eggs/113736882"
    },
    {
      "id": "113917202",
      "name": "Ellis Welsh Large Eggs",
      "price": "£2.50",
      "pricePerUnit": "6 per pack\n(£0.42 per item)",
      "url": "https://groceries.morrisons.com/products/ellis-welsh-large-eggs/113917202"
    },
    {
      "id": "113736911",
      "name": "St Ewe Grand XL Eggs",
      "price": "£2.80",
      "pricePerUnit": "6 per pack\n(£0.47 per item)",
      "url": "https://groceries.morrisons.com/products/st-ewe-grand-xl-eggs/113736911"
    }
  ],
  "cheese": [
    {
      "id": "111988736",
      "name": "FTO Small Cheese Platter (5 Wedges)",
      "price": "£9.00",
      "pricePerUnit": "(£9.00 per item)",
      "url": "https://groceries.morrisons.com/products/fto-small-cheese-platter-5-wedges/111988736"
    },
    {
      "id": "111988752",
      "name": "FTO Large Cheese Platter (6 Wedges)",
      "price": "£14.40",
      "pricePerUnit": "(£14.40 per item)",
      "url": "https://groceries.morrisons.com/products/fto-large-cheese-platter-6-wedges/111988752"
    },
    {
      "id": "111043329",
      "name": "Morrisons Grated Four Cheese Mix 200g",
      "price": "£2.75",
      "pricePerUnit": "200g\n(£13.75 per kilo)",
      "url": "https://groceries.morrisons.com/products/morrisons-grated-four-cheese-mix-200g/111043329"
    },
    {
      "id": "114285471",
      "name": "Morrisons Mature Cheddar 400g",
      "price": "£3.00",
      "pricePerUnit": "400g\n(£7.50 per kilo)",
      "url": "https://groceries.morrisons.com/products/morrisons-mature-cheddar-400g/114285471"
    },
    {
      "id": "112634825",
      "name": "Morrisons Grated Mature White Cheddar 240g",
      "price": "£2.75",
      "pricePerUnit": "240g\n(£11.46 per kilo)",
      "url": "https://groceries.morrisons.com/products/morrisons-grated-mature-white-cheddar-240g/112634825"
    },
    {
      "id": "103261043",
      "name": "Cathedral City Mature Cheddar Cheese 350g",
      "price": "£3.00",
      "pricePerUnit": "350g\n(£8.57 per kilo)",
      "url": "https://groceries.morrisons.com/products/cathedral-city-mature-cheddar-cheese-350g/103261043"
    },
    {
      "id": "105573905",
      "name": "Cathedral City Mature Cheddar Cheese 550g",
      "price": "£5.75",
      "pricePerUnit": "550g\n(£10.45 per kilo)",
      "url": "https://groceries.morrisons.com/products/cathedral-city-mature-cheddar-cheese-550g/105573905"
    },
    {
      "id": "114287732",
      "name": "Morrisons Savers Mature White Cheddar 400g",
      "price": "£2.79",
      "pricePerUnit": "400g\n(£6.98 per kilo)",
      "url": "https://groceries.morrisons.com/products/morrisons-savers-mature-white-cheddar-400g/114287732"
    },
    {
      "id": "114293219",
      "name": "Morrisons Savers Mild White Cheddar 400g",
      "price": "£2.79",
      "pricePerUnit": "400g\n(£6.98 per kilo)",
      "url": "https://groceries.morrisons.com/products/morrisons-savers-mild-white-cheddar-400g/114293219"
    },
    {
      "id": "114298706",
      "name": "Morrisons Savers Red Leicester",
      "price": "£2.79",
      "pricePerUnit": "400g\n(£6.98 per kilo)",
      "url": "https://groceries.morrisons.com/products/morrisons-savers-red-leicester/114298706"
    },
    {
      "id": "114299215",
      "name": "Morrisons Scottish Mature Coloured Cheddar 400g",
      "price": "£3.00",
      "pricePerUnit": "400g\n(£7.50 per kilo)",
      "url": "https://groceries.morrisons.com/products/morrisons-scottish-mature-coloured-cheddar-400g/114299215"
    },
    {
      "id": "114296444",
      "name": "Morrisons Savers Mild White Cheddar",
      "price": "£3.88",
      "pricePerUnit": "700g\n(£5.54 per kilo)",
      "url": "https://groceries.morrisons.com/products/morrisons-savers-mild-white-cheddar/114296444"
    }
  ],
  "pasta": [
    {
      "id": "104555131",
      "name": "Morrisons Fusilli",
      "price": "£0.75",
      "pricePerUnit": "500g\n(£1.50 per kilo)",
      "url": "https://groceries.morrisons.com/products/morrisons-fusilli/104555131"
    },
    {
      "id": "104555641",
      "name": "Morrisons Penne",
      "price": "£0.69",
      "pricePerUnit": "500g\n(£1.38 per kilo)",
      "url": "https://groceries.morrisons.com/products/morrisons-penne/104555641"
    },
    {
      "id": "104554833",
      "name": "Morrisons Conchiglie",
      "price": "£0.69",
      "pricePerUnit": "500g\n(£1.38 per kilo)",
      "url": "https://groceries.morrisons.com/products/morrisons-conchiglie/104554833"
    },
    {
      "id": "110612948",
      "name": "Morrisons Farfalle Pasta",
      "price": "£0.69",
      "pricePerUnit": "500g\n(£1.38 per kilo)",
      "url": "https://groceries.morrisons.com/products/morrisons-farfalle-pasta/110612948"
    },
    {
      "id": "104555078",
      "name": "Morrisons Fusilli",
      "price": "£4.00",
      "pricePerUnit": "3kg\n(£1.33 per kilo)",
      "url": "https://groceries.morrisons.com/products/morrisons-fusilli/104555078"
    },
    {
      "id": "110617280",
      "name": "Morrisons Spirali",
      "price": "£0.75",
      "pricePerUnit": "500g\n(£1.50 per kilo)",
      "url": "https://groceries.morrisons.com/products/morrisons-spirali/110617280"
    },
    {
      "id": "104557532",
      "name": "Morrisons Wholewheat Fusiili",
      "price": "£0.75",
      "pricePerUnit": "500g\n(£1.50 per kilo)",
      "url": "https://groceries.morrisons.com/products/morrisons-wholewheat-fusiili/104557532"
    },
    {
      "id": "107478581",
      "name": "Barilla Pasta Fusilli 500g",
      "price": "£1.00",
      "pricePerUnit": "500g\n(£2.00 per kilo)",
      "url": "https://groceries.morrisons.com/products/barilla-pasta-fusilli-500g/107478581"
    },
    {
      "id": "114525956",
      "name": "Morrisons Fusilli",
      "price": "£1.29",
      "pricePerUnit": "1kg\n(£1.29 per kilo)",
      "url": "https://groceries.morrisons.com/products/morrisons-fusilli/114525956"
    },
    {
      "id": "112655079",
      "name": "Morrisons Tricolore Fusilli",
      "price": "£0.75",
      "pricePerUnit": "500g\n(£0.15 per 100g)",
      "url": "https://groceries.morrisons.com/products/morrisons-tricolore-fusilli/112655079"
    },
    {
      "id": "112654965",
      "name": "Morrisons Quick Cook Fusilli",
      "price": "£0.65",
      "pricePerUnit": "500g\n(£0.13 per 100g)",
      "url": "https://groceries.morrisons.com/products/morrisons-quick-cook-fusilli/112654965"
    },
    {
      "id": "112610524",
      "name": "Morrisons The Best Radiatori",
      "price": "£2.00",
      "pricePerUnit": "500g\n(£0.40 per 100g)",
      "url": "https://groceries.morrisons.com/products/morrisons-the-best-radiatori/112610524"
    }
  ],
  "rice": [
    {
      "id": "100381242",
      "name": "Laila Basmati Rice 10kg",
      "price": "£12.00",
      "pricePerUnit": "10kg\n(£1.20 per kilo)",
      "url": "https://groceries.morrisons.com/products/laila-basmati-rice-10kg/100381242"
    },
    {
      "id": "100381171",
      "name": "Tilda Pure Basmati Rice 5kg",
      "price": "£12.00",
      "pricePerUnit": "5kg\n(£2.40 per kilo)",
      "url": "https://groceries.morrisons.com/products/tilda-pure-basmati-rice-5kg/100381171"
    },
    {
      "id": "113077442",
      "name": "Kohinoor Gold Basmati Rice 10kg",
      "price": "£14.00",
      "pricePerUnit": "10kg\n(£1.40 per kilo)",
      "url": "https://groceries.morrisons.com/products/kohinoor-gold-basmati-rice-10kg/113077442"
    },
    {
      "id": "114627768",
      "name": "Shankar Andhra Sonamasoori Rice",
      "price": "£5.00",
      "pricePerUnit": "5kg\n(£1.00 per kilo)",
      "url": "https://groceries.morrisons.com/products/shankar-andhra-sonamasoori-rice/114627768"
    },
    {
      "id": "108306618",
      "name": "Mai Thai Aaa Jasmine Fragrant Rice",
      "price": "£4.50",
      "pricePerUnit": "5kg\n(£0.90 per kilo)",
      "url": "https://groceries.morrisons.com/products/mai-thai-aaa-jasmine-fragrant-rice/108306618"
    },
    {
      "id": "113175421",
      "name": "Trophy Basmati Rice 10kg",
      "price": "£12.50",
      "pricePerUnit": "10kg\n(£1.25 per kilo)",
      "url": "https://groceries.morrisons.com/products/trophy-basmati-rice-10kg/113175421"
    },
    {
      "id": "104544029",
      "name": "Morrisons Basmati Rice 1kg",
      "price": "£1.79",
      "pricePerUnit": "1kg\n(£1.79 per kilo)",
      "url": "https://groceries.morrisons.com/products/morrisons-basmati-rice-1kg/104544029"
    },
    {
      "id": "110619875",
      "name": "Veetee Tear & Share Sticky Rice",
      "price": "£1.20",
      "pricePerUnit": "2 x 130g\n(£4.62 per kilo)",
      "url": "https://groceries.morrisons.com/products/veetee-tear-share-sticky-rice/110619875"
    },
    {
      "id": "113117846",
      "name": "Bens Original Golden Vegetable Microwave Rice",
      "price": "£1.00",
      "pricePerUnit": "220g\n(£0.45 per 100g)",
      "url": "https://groceries.morrisons.com/products/bens-original-golden-vegetable-microwave-rice/113117846"
    },
    {
      "id": "113116771",
      "name": "Bens Original Savoury Chicken Microwave Rice",
      "price": "£1.00",
      "pricePerUnit": "220g\n(£0.45 per 100g)",
      "url": "https://groceries.morrisons.com/products/bens-original-savoury-chicken-microwave-rice/113116771"
    },
    {
      "id": "113117803",
      "name": "Bens Original Egg Fried Microwave Rice",
      "price": "£1.00",
      "pricePerUnit": "220g\n(£0.45 per 100g)",
      "url": "https://groceries.morrisons.com/products/bens-original-egg-fried-microwave-rice/113117803"
    },
    {
      "id": "113117619",
      "name": "Ben's Original Mexican Style Microwave Rice 220g",
      "price": "£1.00",
      "pricePerUnit": "220g\n(£0.45 per 100g)",
      "url": "https://groceries.morrisons.com/products/ben-s-original-mexican-style-microwave-rice-220g/113117619"
    }
  ],
  "tomatoes": [
    {
      "id": "114852893",
      "name": "Walkers Heinz Tomato Ketchup Crisps 45g",
      "price": "£1.10",
      "pricePerUnit": "45g\n(£2.44 per 100g)",
      "url": "https://groceries.morrisons.com/products/walkers-heinz-tomato-ketchup-crisps-45g/114852893"
    },
    {
      "id": "108389100",
      "name": "Morrisons Salad Tomatoes",
      "price": "£0.99",
      "pricePerUnit": "(£0.99 per item)",
      "url": "https://groceries.morrisons.com/products/morrisons-salad-tomatoes/108389100"
    },
    {
      "id": "113541671",
      "name": "Morrisons The Best Piccolina Vine Tomatoes 400g",
      "price": "£3.00",
      "pricePerUnit": "400g\n(£7.50 per kilo)",
      "url": "https://groceries.morrisons.com/products/morrisons-the-best-piccolina-vine-tomatoes-400g/113541671"
    },
    {
      "id": "113544602",
      "name": "Morrisons The Best Piccolina Vine Tomatoes 220g",
      "price": "£2.15",
      "pricePerUnit": "220g\n(£9.77 per kilo)",
      "url": "https://groceries.morrisons.com/products/morrisons-the-best-piccolina-vine-tomatoes-220g/113544602"
    },
    {
      "id": "108388174",
      "name": "Morrisons Baby Plum Tomatoes 250g",
      "price": "£0.75",
      "pricePerUnit": "250g\n(£3.00 per kilo)",
      "url": "https://groceries.morrisons.com/products/morrisons-baby-plum-tomatoes-250g/108388174"
    },
    {
      "id": "108388692",
      "name": "Morrisons Vine Ripened Large Tomatoes",
      "price": "£1.25",
      "pricePerUnit": "(£1.25 per item)",
      "url": "https://groceries.morrisons.com/products/morrisons-vine-ripened-large-tomatoes/108388692"
    },
    {
      "id": "115531557",
      "name": "Morrisons The Best Baby Tomato Medley",
      "price": "£1.75",
      "pricePerUnit": "360g\n(£4.86 per kilo)",
      "url": "https://groceries.morrisons.com/products/morrisons-the-best-baby-tomato-medley/115531557"
    },
    {
      "id": "113749923",
      "name": "Morrisons Savers Tomatoes",
      "price": "£0.68",
      "pricePerUnit": "250g\n(£2.72 per kilo)",
      "url": "https://groceries.morrisons.com/products/morrisons-savers-tomatoes/113749923"
    },
    {
      "id": "108388941",
      "name": "Morrisons Salad Tomatoes",
      "price": "£1.75",
      "pricePerUnit": "750g\n(£2.33 per kilo)",
      "url": "https://groceries.morrisons.com/products/morrisons-salad-tomatoes/108388941"
    },
    {
      "id": "113819194",
      "name": "Morrisons British Vine Tomato Selection Box 750g",
      "price": "£4.00",
      "pricePerUnit": "750g\n(£5.33 per kilo)",
      "url": "https://groceries.morrisons.com/products/morrisons-british-vine-tomato-selection-box-750g/113819194"
    },
    {
      "id": "108388529",
      "name": "Morrisons Vine Ripe Cherry Tomatoes 225g",
      "price": "£1.35",
      "pricePerUnit": "225g\n(£6.00 per kilo)",
      "url": "https://groceries.morrisons.com/products/morrisons-vine-ripe-cherry-tomatoes-225g/108388529"
    },
    {
      "id": "113758424",
      "name": "Morrisons The Best Sweet Amori Vine Tomatoes 220g",
      "price": "£2.15",
      "pricePerUnit": "220g\n(£9.77 per kilo)",
      "url": "https://groceries.morrisons.com/products/morrisons-the-best-sweet-amori-vine-tomatoes-220g/113758424"
    }
  ]
}